% Notas Imporantes:
% Poner una diagonal investida antes de los siguientes caracteres: #, $, %, ^, &, {, }, ~, [, ], <, >, _
% Caso Particuloar: Diagonal Invertida (\) sustituir por (\textbackslash) y dejar un espacio
% Ver enlace:

@misc{Sistema:2018:Ivan,
author = {Ivan Garcia},
title = {¿Que es un sistema de información?-Definición de sistema de información},
year = {2018},
howpublished = "\url{https://www.emprendepyme.net/que-es-un-sistema-de-informacion.html}",
urldate = {28-11-2018}
}

@misc{Sistema:2016:Senso,
author = {Jose A. Senso.},
year = {2016},
title = {Los sistemas de informacion basados en la web – Tecnologias web para
servicios de informacion.},
howpublished = "\url{https://www.emprendepyme.net/que-es-un-sistema-de-informacion.html}",
urldate = {28-11-2016}
}

@misc{DSS:2018:Concepto,
author = {Jose},
year = {2018},
title = {Sistema de information - Concepto, tipos, elementos y ejemplos},
howpublished = "\url{https://concepto.de/sistema-de-informacion/}",
}

@misc{neurikblog:2018:Concepto,
author = {neurikblog},
year = {2018},
title = {Ventajas y desventajas de un sistema web a la medida — Neurik - Sistemas y Gestión},
howpublished = "\url{https://www.neurik.com/blog/2018/04/10/ventajas-y-desventajas-de-implementar-un-sistema-web-a-la-medida-en-tu-negocio/}",
}

@misc{Yeeply:2020:Concepto,
author = {Yeeply},
year = {2020},
title = {Desarrollo de aplicaciones web: 5 tipos que debes conocer.},
howpublished = "\url{https://www.yeeply.com/blog/6-tipos-desarrollo-de-aplicaciones-web/}",
}

@misc{AnnaPerez:2016:Concepto,
author = {Anna Perez},
year = {2016},
title = {Pros y contras de la metodología en cascada — OBS Business School},
howpublished = "\url{https://www.obsbusiness.school/blog/pros-y-contras-de-la-metodologia-en-cascada}",
}

@misc{Microsoft:Concepto,
author = {Microsoft},
year = {2016},
title = {Visual Studio Code - Code Editing. Redefined.},
howpublished = "\url{https://code.visualstud
io.com/.}",
}


--------------

@misc{core_ac_153562887,
  title = {Real-Time Hand Gesture Recognition for Smart Home Applications},
  author = {Koller O},
  year = {2018},
  url = {https://core.ac.uk/download/pdf/153562887.pdf},
  note = {Accessed: 2024-10-03}
}

@article{mdpi_sensors_18_367,
  title = {A Review of Hand Gesture and Sign Language Recognition Techniques},
  author = {Jamil, Mohammad and Hussain, Muhammad and Raja, Muhammad Asif},
  journal = {Sensors},
  volume = {18},
  number = {2},
  pages = {367},
  year = {2018},
  url = {https://www.mdpi.com/1424-8220/18/2/367},
  doi = {10.3390/s18020367}
}

@misc{researchgate_sign_language,
  title = {Sign Language Recognition using Smart Glove},
  author = {Singh, Harshdeep and Shah, Jitendra},
  year = {2021},
  url = {https://www.researchgate.net/publication/353177154_Sign_Language_Recognition_using_Smart_Glove},
  note = {Accessed: 2024-10-03}
}

@article{sciencedirect_s187705091931896x,
  title = {Hand Gesture Recognition: A Literature Review},
  author = {Kumar, A. and Jain, P. and Srivastava, A.},
  journal = {Procedia Computer Science},
  volume = {164},
  pages = {372–379},
  year = {2019},
  url = {https://www.sciencedirect.com/science/article/pii/S187705091931896X}
}

@article{mdpi_sensors_19_2295,
  title = {Wearable Sensors for Hand Gesture Recognition: A Review},
  author = {Rautaray, S.S. and Agrawal, A.},
  journal = {Sensors},
  volume = {19},
  number = {10},
  pages = {2295},
  year = {2019},
  url = {https://www.mdpi.com/1424-8220/19/10/2295},
  doi = {10.3390/s19102295}
}

@article{mdpi_applied_sci_10_2458,
  title = {Wearable Devices for Smart Gesture Recognition: A Survey},
  author = {Padam, Mohit and Mittal, Hitesh},
  journal = {Applied Sciences},
  volume = {10},
  number = {7},
  pages = {2458},
  year = {2020},
  url = {https://www.mdpi.com/2076-3417/10/7/2458},
  doi = {10.3390/app10072458}
}

@article{sciencedirect_s0957417421003214,
  title = {Gesture Recognition for Smart Home Applications using Machine Learning},
  author = {Devi S. Singh A. and Shekhar V.},
  journal = {Expert Systems with Applications},
  volume = {168},
  pages = {114241},
  year = {2021},
  url = {https://www.sciencedirect.com/science/article/abs/pii/S0957417421003214}
}

@misc{journaloflanguageandlinguisticstudies,
  title = {Journal of Language and Linguistic Studies},
  author = {Rodriguez R},
  year = {2024},
  url = {https://www.journaloflanguageandlinguisticstudies.com},
  note = {Accessed: 2024-10-03}
}
